@online{vue,
  title = {介绍 — Vue.js},
  citedate = {2018-04-06},
  url = {https://cn.vuejs.org/v2/guide/},
  language = {zh}
}

@online{ruyifengfrontend,
  title = {阮一峰-前端开发的历史和趋势},
  citedate = {2017-05-26},
  url = {https://github.com/ruanyf/jstraining/blob/master/docs/history.md},
  language = {zh}
}

@online{docker-thesis,
  title = {Docker: a Software as a Service, Operating System-Level Virtualization Framework},
  year = {2014-07-21},
  url = {http://journal.code4lib.org/articles/9669?utm_source=feedburner&utm_medium=feed&utm_campaign=Feed%3A+c4lj+},
  language = {en}
}

@online{ruyifengdocker,
  title = {阮一峰-Docker 入门教程},
  year = {2018-02-09},
  url = {http://www.ruanyifeng.com/blog/2018/02/docker-tutorial.html},
  language = {zh}
}

@online{thinkphp,
  title = {ThinkPHP3.2完全开发手册},
  year = {2013-01-01},
  url = {http://document.thinkphp.cn/manual_3_2.html#environment},
  language = {zh}
}

@article{张英2011微服务,
  title={微服务: 开创图书馆服务的 “蓝海”},
  author={张英},
  journal={图书馆建设},
  number={7},
  pages={51--53},
  year={2011}
}

@book{mardan2014express,
  title={Express. js Guide: The Comprehensive Book on Express. js},
  author={Mardan, Azat},
  year={2014},
  publisher={Azat Mardan}
}

@book{wilson2018node,
  title={Node. js 8 the Right Way: Practical, Server-side Javascript that Scales},
  author={Wilson, Jim},
  year={2018},
  publisher={Pragmatic Bookshelf}
}
